1591 2854
105 93 189 146 276
427 93 1085 131 AnumnRA‘rronns.

103 192 368 238 VIGENDI
383 196 551 247 tempus
563 189 885 245 comprehendit
897 201 1024 231 annos
1039 224 1050 240 ‚
1072 187 1222 242 quibus
1244 187 1395 242 plantae
1407 188 1469 228 vi·

215 258 348 294 vunt3
378 245 502 289 facile
513 249 604 288 anni
619 254 885 289 numerantur
902 248 974 288 vel
991 260 1044 287 ex
1058 246 1222 286 circulis
1235 245 1470 286 concentri·

212 310 274 351 cis
290 308 315 347 s.
338 317 392 345 ex
411 304 572 344 annulis
600 297 784 345 refin'osis
809 305 847 344 in
875 303 1059 345 Caudice
1075 302 1336 343 detruncato.

155 400 340 440 Annulis
355 397 537 441 resinosis
557 400 579 440 s.
597 398 770 438 internis
792 398 988 452 plcrique
1010 395 1168 437 Trunci
1190 394 1471 434 numerantur.

210 454 380 510 Quercus
395 454 603 504 Oelandiae
627 465 719 493 nata
738 466 752 492 1
765 461 854 501 581.
881 459 1003 494 oetate
1022 455 1114 498 260,
1135 453 1178 492 it.
1193 450 1318 491 aeland.
1335 454 1403 497 68.

213 512 325 551 Pinus
338 508 676 552 Wermelandica
687 520 779 550 nata
801 523 816 548 1
828 521 846 557 3
857 520 917 558 37.
929 515 1155 557 aetate409.
1169 506 1466 560 inruptum-247.

154 567 298 608 Ramis
310 569 516 608 annotinis
529 575 794 607 numerantur
809 573 950 606 aetatcs
965 563 1069 613 Pini,
1094 563 1235 613 Codri,
1249 562 1375 614 Mali,
1389 563 1472 618 Py-

275 625 307 663 ri
323 622 403 664 &c.

155 674 347 718 Chronica
368 678 533 729 hymnum
556 673 825 717 intensiorum
846 681 919 715 aut
945 673 1211 714 remiffiorum
1237 686 1292 714 ex
1311 674 1473 717 annulis

271 735 447 776 internis
466 732 586 773 datur
610 732 652 771 in
673 731 893 786 plerisque
915 729 1157 780 arboribus,
1187 733 1410 783 praesertim
1431 735 1474 774 in

276 791 459 837 Quercu.
1068 816 1077 825 ,

155 845 362 891 Botanici‚
375 845 591 896 hucusque
606 842 647 882 in
662 841 898 896 plantarum
910 839 1320 883 numorofiffimarum
1332 840 1473 897 digno-

269 903 385 944 tiono
398 898 596 954 occupati
619 897 657 938 &
678 894 946 949 objetfitorum
966 900 1172 939 varietate
1195 898 1393 947 inundati,
1407 912 1474 940 ne·

270 960 468 1010 quivere,
480 966 597 995 more
608 952 770 994 astrono
779 965 951 1002 morum,
963 953 1284 996 observationes
1298 954 1476 998 institue·

273 1026 333 1062 re,
357 1014 460 1054 licet
474 1008 669 1051 inferiora
683 1009 812 1063 sequi,
835 1009 964 1063 longe
977 1017 1114 1052 tamen
1130 1007 1329 1062 majorem
1342 1010 1475 1066 publi-

271 1080 326 1110 co
340 1070 458 1110 usum
467 1068 547 1110 suis
568 1065 940 1108 observationibus
955 1064 1305 1110 subministraturI.

97 1189 321 1233 calendaria
335 1190 461 1231 Florae
472 1150 696 1245 quotanni}
704 1187 966 1231 conficienda
982 1189 1125 1231 suntin
1139 1194 1290 1243 quavis
1303 1191 1479 1232 Provin-

211 1249 290 1298 cia,
318 1247 543 1288 secundum
565 1245 948 1292 Frondescentiam,
977 1248 1353 1294 Effiorescentiam,
1374 1249 1478 1288 Fru-

211 1301 502 1351 Ctescentiam,
531 1300 882 1349 Defoliationcm,
905 1301 1134 1343 observato
1150 1302 1265 1346 simul
1282 1304 1474 1352 Climate‚

214 1369 260 1400 ut
275 1359 372 1400 inde
385 1357 543 1400 constet
558 1356 777 1399 diversitas
792 1358 1026 1412 Regionum
1039 1361 1147 1399 inter
1164 1361 1216 1401 se.

98 1410 321 1465 Horologia
346 1410 468 1455 Florae
489 1415 562 1455 sub
581 1415 738 1466 quovis
758 1413 927 1454 climate
947 1413 1195 1454 elaboranda
1220 1416 1311 1456 sunt
1337 1416 1479 1455 secun·

210 1470 311 1512 dum
325 1471 500 1525 vigilias
519 1471 776 1524 plantarum,
801 1477 846 1508 ut
865 1470 1031 1523 quivis,
1055 1470 1138 1511 fine
1161 1469 1382 1525 horologio
1405 1480 1476 1513 aut

215 1528 305 1568 sole
328 1525 472 1566 horam
493 1524 577 1567 diei
599 1533 881 1566 enumeratam
902 1523 1067 1579 habeat.

101 1577 266 1637 Mappae
287 1591 521 1634 vegetantes,
551 1593 644 1636 quae
661 1579 845 1621 indicant
868 1580 1023 1635 ubique
1049 1581 1307 1634 Regionem,
1341 1581 1478 1624 Clima

214 1637 254 1680 &
271 1640 460 1678 Terram.

157 1694 265 1735 Usus
278 1706 333 1734 ex
347 1690 554 1747 praediffls
569 1691 789 1733 resultaret
803 1690 855 1732 de
868 1690 1033 1734 Natura
1048 1692 1234 1734 Telluris
1247 1695 1434 1734 summus.

105 1745 222 1789 Clima
243 1763 299 1791 ex
315 1745 528 1804 progressu
549 1749 644 1787 anni
667 1747 889 1789 secundum
905 1747 1277 1790 Frondescentiam
1294 1749 1335 1790 ὅτ
1348 1746 1477 1790 Defo-

219 1806 449 1855 liationem,
470 1801 583 1844 unde
599 1803 727 1844 Calor
747 1803 986 1858 Frigusque
1007 1805 1093 1845 loci
1113 1806 1328 1858 summum,
1357 1805 1480 1847 notis-

215 1861 359 1902 simum
372 1860 582 1902 Botanico
593 1860 684 1901 erit.
1015 1863 1017 1871 '

107 1912 151 1955 T
149 1913 424 1956 hermomeerum
439 1914 658 1957 Botanicum
674 1915 752 1956 erit
767 1913 949 1955 nostrum
961 1944 972 1963 ,
1005 1911 1123 1968 cujus
1137 1914 1339 1969 punCtum
1352 1927 1479 1968 conge-

214 1971 372 2013 lationis
386 1975 438 2023 O,
463 1971 590 2012 Calor
603 1982 714 2011 vero
726 1984 827 2024 aquae
843 1969 1028 2026 coquentis
1044 1982 1134 2011 100.

103 2022 348 2068 Autumnales
367 2029 519 2085 plantae
541 2028 633 2067 sunt
651 2024 877 2078 Virginicae‚
912 2039 1002 2080 quae
1025 2025 1178 2070 florent
1197 2027 1394 2069 laetiffime
1409 2024 1481 2065 Se-

217 2084 403 2139 ptembri
421 2083 460 2124 &
475 2081 652 2123 Oetobri
666 2115 677 2132 ‚
699 2093 796 2122 cum
812 2080 920 2124 aestas
936 2081 984 2124 fit
996 2081 1093 2134 ipfis
1117 2085 1158 2125 in
1173 2085 1303 2140 patria
1316 2081 1479 2137 gratiffi-

220 2151 297 2190 ma,
310 2138 504 2192 adeoque
515 2138 553 2178 in
567 2137 714 2178 Suecia
725 2137 972 2179 difficillime
986 2139 1135 2182 semina
1147 2146 1362 2182 maturant.

108 2191 301 2236 Brumales
314 2197 407 2237 sunt
426 2194 624 2249 Capetffes‚
651 2205 823 2247 quarum
845 2193 972 2234 fiores
992 2195 1134 2246 calore
1157 2202 1277 2252 grato
1298 2192 1373 2236 sub
1394 2192 1480 2246 ipsa

218 2253 370 2292 Bruma
383 2256 698 2307 provocantur,
733 2248 832 2291 dum
849 2247 956 2291 aestas
974 2250 1016 2290 in
1034 2253 1169 2306 patria
1191 2257 1355 2306 regnat,
1379 2248 1479 2289 alias

220 2304 365 2348 frustra
378 2305 645 2362 proliciendi.
878 2316 887 2329 ·=

111 2361 153 2403 V
149 2362 286 2403 ernales
298 2364 386 2403 sunt
398 2361 542 2415 Alpinae
554 2370 700 2401 omnes
712 2391 724 2408 ‚
752 2371 846 2401 cum
862 2361 901 2401 ln
918 2361 1103 2416 Alpibus
1121 2361 1276 2416 hyems
1293 2359 1482 2413 excipiat

220 2430 314 2465 ver,
337 2419 414 2458 vix
436 2417 591 2471 gustata
610 2414 759 2466 aestate,
780 2416 973 2471 adeoque
997 2418 1183 2460 citiffime
1205 2418 1426 2458 florescant
1440 2414 1482 2456 &

219 2471 485 2516 fructescant.

1382 2647 1484 2704 Bise-
