1591 2854
415 88 1061 132 Drrrnss'nnrxn.
1317 93 1401 139 229

35 203 137 254 ¹9²·
179 188 371 235 Nomen
395 183 655 247 specificum
680 183 811 231 nulla
834 184 1054 234 admittat
1077 188 1333 250 vocabula,
1370 188 1456 239 nifi

164 257 327 324 quibus
349 270 377 299 a
396 254 731 319 congeneribus
754 255 1001 302 necessario
1023 255 1335 320 distinguitur.

85 360 264 403 Nullum
278 353 537 396 vocabulum
555 355 595 395 in
610 352 843 396 differentia
861 354 1055 410 specifica
1070 357 1321 410 superfluum
1335 362 1430 403 erit.

83 418 126 457 Si
142 430 188 457 ca
206 415 397 453 iemnota
412 411 854 466 poteritpaucioribus
879 410 1025 453 verbis
1049 413 1255 467 exprimi,
1286 419 1366 458 erit
1388 418 1458 460 illa

193 470 364 523 optima,
381 479 472 519 (lure
493 466 729 507 breviffima
745 464 838 508 fuit.
893 496 895 498 .

85 526 273 569 Exulent
292 521 601 571 Autonomasta,
626 522 882 578 'rautologia
895 519 935 562 δι
949 520 1111 577 flosculi
1125 526 1312 568 oratorii.

195 581 450 622 Betuiananu
466 577 601 630 pumila
623 579 828 619 Franken·
881 575 1118 629 Taueologia

196 637 386 678 Lamium
405 635 508 674 caule
526 632 680 687 folioso.
711 634 833 677 Lind.
862 633 1139 685 Aaronomafia.

33 765 141 818 293.
180 748 369 795 Nomen
390 746 651 812 specificum
675 746 886 803 nussum,
921 747 1088 812 speciei
1114 750 1166 799 in
1189 749 1272 800 suo
1296 767 1465 819 genero

169 818 383 866 solitariae
419 814 600 884 (203),
635 817 818 881 imponi
843 817 1005 882 potest.

86 919 208 967 Sunt,
229 920 298 972 qui
317 918 494 960 statuunt
505 950 522 967 ,,
541 926 693 959 nomen
706 918 945 972 specificum
957 921 1052 965 addi
1064 919 1224 964 debere
1238 920 1466 977 speciebus

171 977 272 1015 novi
286 976 464 1028 generis.
480 974 579 1014 licet
593 975 799 1023 solitariis,
814 986 858 1018 ut
872 975 967 1018 inde
980 975 1183 1023 formetur
1198 977 1291 1021 idea
1303 978 1470 1033 plantae·

113 1032 213 1072 Non
227 1042 436 1083 negamus,
451 1029 655 1070 Habitum
673 1032 848 1072 multum
862 1033 1066 1076 inservire
1078 1033 1128 1076 ad
1146 1033 1383 1076 formandas
1395 1045 1466 1074 no·

174 1090 311 1129 tiones
333 1086 386 1127 de
410 1087 571 1141 planta3
602 1096 642 1126 at
660 1087 822 1127 veroin
838 1089 1005 1130 nomine
1020 1090 1222 1145 specifico
1240 1089 1464 1131 admodum

175 1153 350 1184 erronea
360 1142 418 1183 est
429 1175 441 1190 ,
469 1153 565 1182 cum
576 1143 790 1192 contineat
802 1144 905 1200 nihii
918 1146 1033 1187 aliud
1046 1178 1058 1197 ‚
1079 1145 1149 1188 nisi
1162 1146 1292 1188 solam
1305 1154 1465 1193 notam.

178 1211 259 1253 qua
274 1197 547 1253 distinguatur
558 1209 579 1237 a
591 1201 917 1250 congerie-ribus

92 1256 171 1298 Ubi
185 1255 297 1295 nulla
308 1253 541 1295 differentia
554 1254 749 1306 specifica
760 1254 809 1296 ad
825 1257 1007 1310 plantam
1017 1259 1278 1306 nominatam,
1298 1255 1354 1299 ibi
1400 1268 1468 1299 rae·

145 1312 422 1410 {opponitun
451 1312 493 1352 in
513 1322 669 1366 genere
689 1323 775 1353 non
790 1312 862 1355 nisr
883 1313 1049 1365 unicam
1059 1315 1243 1370 speciem
1256 1311 1337 1357 effe
1383 1322 1468 1355 ete·

193 1379 268 1408 am.

87 1425 277 1466 Erronea
288 1424 428 1477 itaque
444 1424 536 1466 sunt
550 1424 716 1466 nomina
729 1425 943 1481 specifica,
959 1438 1051 1485 quae
1061 1423 1323 1471 differentias.
1335 1426 1469 1482 impo-

146 1482 265 1522 suere
278 1481 490 1535 plantisin
504 1483 574 1521 suo
589 1493 743 1535 genere
757 1482 948 1524 solitariis
966 1493 1058 1539 pag.
1079 1496 1094 1524 1
1106 1487 1166 1528 36.
1191 1497 1228 1526 e.
1241 1496 1303 1539 gr.

202 1536 377 1577 Morina
390 1535 599 1581 orientalis,
617 1536 890 1589 carlinaefolio.
922 1537 1230 1583 Tournef.cor.
1244 1543 1315 1590 48.

201 1591 501 1646 Dalcchampia
509 1590 700 1643 scandens,
720 1590 842 1649 lupuli
849 1593 978 1647 foliis,
986 1595 1123 1648 frusta
1133 1593 1278 1652 iaspide
1288 1592 1466 1636 tricocco.

261 1648 396 1689 Plum.
410 1660 534 1688 amer.
558 1659 574 1688 1
612 1681 621 1690 .
1023 1671 1029 1676 ·

206 1702 437 1744 Matthiola
450 1704 545 1752 folio
557 1660 930 1760 aszyerosubrotundffi
949 1704 1076 1758 fruit'u
1087 1705 1301 1762 n‘grr‘cante.
1329 1704 1469 1748 Plum.

256 1771 388 1801 amer.
406 1763 467 1802 16.
874 1777 883 1786 ·

203 1813 398 1857 Maranta
416 1815 687 1867 arundinea-ea,
711 1817 910 1859 cannacori
919 1818 1032 1869 folio.
1063 1819 1200 1872 Plum.
1215 1830 1342 1872 amer.
1360 1821 1426 1864 16.

180 1870 182 1872 ’
203 1871 356 1914 Valdia
368 1871 498 1913 cardui
500 1870 623 1924 solio,
645 1874 1018 1926 [ruffusubcaeruleo.
1049 1875 1186 1921 Pium.
1202 1887 1332 1918 amer.
1351 1887 1366 1912 1
1380 1887 1415 1916 1.

42 1994 151 2050 294
186 1983 376 2033 Nomen
399 1984 660 2051 specificum
683 1987 915 2053 imponat,
932 1989 1016 2056 qui
1037 2006 1211 2039 novam
1225 1989 1475 2040 adinvene-

176 2053 237 2099 rit
253 2054 463 2118 speciem,
487 2053 520 2102 fi
542 2051 685 2103 'modo
707 2057 880 2122 nefeffe
902 2056 957 2107 fit
980 2055 1126 2124 (293)
1153 2059 1264 2108 tale.

95 2122 180 2174 Qui
195 2135 349 2163 novam
361 2122 522 2177 detegit
536 2124 738 2176 speciem,
758 2123 935 2167 addat&
950 2137 1035 2167 non
1049 2124 1177 2169 modo
1191 2123 1378 2180 ejusdem
1394 2123 1473 2169 dif-

152 2177 370 2221 ferentiam
384 2213 396 2229 ‚
422 2180 491 2222 sed
505 2179 544 2222 δε
558 2182 598 2221 in
612 2183 843 2234 congeneri
864 2181 1264 2235 velcongeneribus
1276 2180 1473 2225 differen-

153 2239 230 2281 tias
246 2249 406 2294 augeat,
418 2245 464 2280 ut
475 2236 776 2292 distinguantur
789 2238 831 2278 in
843 2235 1058 2294 posterum
1073 2239 1238 2296 species
1251 2239 1477 2282 sufficienti

154 2296 402 2342 differentia.

97 2357 395 2399 merown
421 2354 553 2396 Gron.
577 2353 687 2405 virg.
711 2359 775 2396 ες.
801 2346 981 2406 primum
1003 2351 1189 2394 innotuit
1209 2352 1252 2394 in
1266 2350 1478 2405 Virginia,

154 2411 253 2454 dein
268 2411 343 2452 alia
360 2411 519 2467 species
534 2410 694 2451 Limnia
711 2405 817 2448 dieta
834 2408 874 2449 in
889 2407 1060 2450 Sibiria:
1076 2406 1293 2463 -adeoque
1311 2407 1475 2449 dicatur

157 2466 355 2508 Sibirica:
381 2463 800 2519 Cnassronrasoliis
810 2462 948 2518 ova1i5‚
966 2463 1006 2508 δι
1021 2464 1240 2520 Virginica
1256 2465 1479 2506 Cauro-

159 2535 211 2562 Νι
221 2537 251 2564 Α
258 2523 374 2575 foliis
383 2521 593 2565 linearibus.

694 2648 736 2712 P
765 2665 793 2716 3
1234 2660 1342 2714 295.
1380 2644 1480 2694 No·
